

@Misc{redispubsub,  
title={redispubsub},
howpublished = {\url{https://redis.io/topics/pubsub}},
year={2017}
}  

@inproceedings{bharathi2008characterization,
  title={Characterization of scientific workflows},
  author={Bharathi, Shishir and Chervenak, Ann and Deelman, Ewa and Mehta, Gaurang and Su, Mei-Hui and Vahi, Karan},
  booktitle={Workflows in Support of Large-Scale Science, 2008. WORKS 2008. Third Workshop on},
  pages={1--10},
  year={2008},
  organization={IEEE}
}

@inproceedings{bennett2012combining,
  title={Combining in-situ and in-transit processing to enable extreme-scale scientific analysis},
  author={Bennett, Janine C and Abbasi, Hasan and Bremer, Peer-Timo and Grout, Ray and Gyulassy, Attila and Jin, Tong and Klasky, Scott and Kolla, Hemanth and Parashar, Manish and Pascucci, Valerio and others},
  booktitle={Proceedings of the International Conference on High Performance Computing, Networking, Storage and Analysis},
  pages={49},
  year={2012},
  organization={IEEE Computer Society Press}
}

@article{docan2012dataspaces,
  title={Dataspaces: an interaction and coordination framework for coupled simulation workflows},
  author={Docan, Ciprian and Parashar, Manish and Klasky, Scott},
  journal={Cluster Computing},
  volume={15},
  number={2},
  pages={163--181},
  year={2012},
  publisher={Springer}
}

@inproceedings{ayachit2015paraview,
  title={Paraview catalyst: Enabling in situ data analysis and visualization},
  author={Ayachit, Utkarsh and Bauer, Andrew and Geveci, Berk and O'Leary, Patrick and Moreland, Kenneth and Fabian, Nathan and Mauldin, Jeffrey},
  booktitle={Proceedings of the First Workshop on In Situ Infrastructures for Enabling Extreme-Scale Analysis and Visualization},
  pages={25--29},
  year={2015},
  organization={ACM}
}

@inproceedings{bharathi2008characterization,
  title={Characterization of scientific workflows},
  author={Bharathi, Shishir and Chervenak, Ann and Deelman, Ewa and Mehta, Gaurang and Su, Mei-Hui and Vahi, Karan},
  booktitle={Workflows in Support of Large-Scale Science, 2008. WORKS 2008. Third Workshop on},
  pages={1--10},
  year={2008},
  organization={IEEE}
}

@inproceedings{albrecht2012makeflow,
  title={Makeflow: A portable abstraction for data intensive computing on clusters, clouds, and grids},
  author={Albrecht, Michael and Donnelly, Patrick and Bui, Peter and Thain, Douglas},
  booktitle={Proceedings of the 1st ACM SIGMOD Workshop on Scalable Workflow Execution Engines and Technologies},
  pages={1},
  year={2012},
  organization={ACM}
}

@Misc{makeflowexample,  
author={Nick Hazekamp and Douglas Thain},
title={Makeflow Examples Repository},
howpublished = {\url{https://github.com/cooperative-computing-lab/makeflow-examples}},
year={2017}
}  

@Misc{slurmtrigure, 
howpublished = {\url{https://slurm.schedmd.com/strigger.html}}
}  

@incollection{shields2007control,
  title={Control-versus data-driven workflows},
  author={Shields, Matthew},
  booktitle={Workflows for e-Science},
  pages={167--173},
  year={2007},
  publisher={Springer}
}

@inproceedings{perarnau2015distributed,
  title={Distributed monitoring and management of exascale systems in the argo project},
  author={Perarnau, Swann and Thakur, Rajeev and Iskra, Kamil and Raffenetti, Ken and Cappello, Franck and Gupta, Rinku and Beckman, Pete and Snir, Marc and Hoffmann, Henry and Schulz, Martin and others},
  booktitle={IFIP International Conference on Distributed Applications and Interoperable Systems},
  pages={173--178},
  year={2015},
  organization={Springer}
}

@inproceedings{dreher2017situ,
  title={In Situ Workflows at Exascale: System Software to the Rescue},
  author={Dreher, Matthieu and Perarnau, Swann and Peterka, Tom and Iskra, Kamil and Beckman, Pete},
  booktitle={Proceedings of the In Situ Infrastructures on Enabling Extreme-Scale Analysis and Visualization},
  pages={22--26},
  year={2017},
  organization={ACM}
}
@article{deelman2018future,
  title={The future of scientific workflows},
  author={Deelman, Ewa and Peterka, Tom and Altintas, Ilkay and Carothers, Christopher D and Kleese van Dam, Kerstin and Moreland, Kenneth and Parashar, Manish and Ramakrishnan, Lavanya and Taufer, Michela and Vetter, Jeffrey},
  journal={The International Journal of High Performance Computing Applications},
  pages={1094342017704893},
  year={2018},
  publisher={SAGE Publications Sage UK: London, England}
}

@article{mattoso2015dynamic,
  title={Dynamic steering of HPC scientific workflows: A survey},
  author={Mattoso, Marta and Dias, Jonas and Ocana, Kary ACS and Ogasawara, Eduardo and Costa, Flavio and Horta, Felipe and Silva, V{\'\i}tor and de Oliveira, Daniel},
  journal={Future Generation Computer Systems},
  volume={46},
  pages={100--113},
  year={2015},
  publisher={Elsevier}
}

@techreport{dreher2017decaf,
  title={Decaf: Decoupled dataflows for in situ high-performance workflows},
  author={Dreher, Matthieu and Peterka, Tom},
  year={2017},
  institution={Argonne National Lab.(ANL), Argonne, IL (United States)}
}

@article{wilde2011swift,
  title={Swift: A language for distributed parallel scripting},
  author={Wilde, Michael and Hategan, Mihael and Wozniak, Justin M and Clifford, Ben and Katz, Daniel S and Foster, Ian},
  journal={Parallel Computing},
  volume={37},
  number={9},
  pages={633--652},
  year={2011},
  publisher={Elsevier}
}

@inproceedings{bharathi2008characterization,
  title={Characterization of scientific workflows},
  author={Bharathi, Shishir and Chervenak, Ann and Deelman, Ewa and Mehta, Gaurang and Su, Mei-Hui and Vahi, Karan},
  booktitle={Workflows in Support of Large-Scale Science, 2008. WORKS 2008. Third Workshop on},
  pages={1--10},
  year={2008},
  organization={IEEE}
}

@article{jiang2008meteor,
  title={Meteor: a middleware infrastructure for content-based decoupled interactions in pervasive grid environments},
  author={Jiang, Nanyan and Quiroz, Andres and Schmidt, Cristina and Parashar, Manish},
  journal={Concurrency and Computation: Practice and Experience},
  volume={20},
  number={12},
  pages={1455--1484},
  year={2008},
  publisher={Wiley Online Library}
}

@article{russell2006workflow,
  title={Workflow control-flow patterns: A revised view},
  author={Russell, Nick and Ter Hofstede, Arthur HM and Van Der Aalst, Wil MP and Mulyar, Nataliya},
  journal={BPM Center Report BPM-06-22, BPMcenter. org},
  pages={06--22},
  year={2006}
}

@article{fox2017status,
  title={Status of Serverless Computing and Function-as-a-Service (FaaS) in Industry and Research},
  author={Fox, Geoffrey C and Ishakian, Vatche and Muthusamy, Vinod and Slominski, Aleksander},
  journal={arXiv preprint arXiv:1708.08028},
  year={2017}
}

@article{eugster2003many,
  title={The many faces of publish/subscribe},
  author={Eugster, Patrick Th and Felber, Pascal A and Guerraoui, Rachid and Kermarrec, Anne-Marie},
  journal={ACM computing surveys (CSUR)},
  volume={35},
  number={2},
  pages={114--131},
  year={2003},
  publisher={ACM}
}


@inproceedings{pebay2016towards,
  title={Towards asynchronous many-task in situ data analysis using legion},
  author={P{\'e}ba{\"y}, Philippe and Bennett, Janine C and Hollman, David and Treichler, Sean and McCormick, Patrick S and Sweeney, Christine M and Kolla, Hemanth and Aiken, Alex},
  booktitle={Parallel and Distributed Processing Symposium Workshops, 2016 IEEE International},
  pages={1033--1037},
  year={2016},
  organization={IEEE}
}

@inproceedings{acun2014parallel,
  title={Parallel programming with migratable objects: Charm++ in practice},
  author={Acun, Bilge and Gupta, Abhishek and Jain, Nikhil and Langer, Akhil and Menon, Harshitha and Mikida, Eric and Ni, Xiang and Robson, Michael and Sun, Yanhua and Totoni, Ehsan and others},
  booktitle={Proceedings of the International Conference for High Performance Computing, Networking, Storage and Analysis},
  pages={647--658},
  year={2014},
  organization={IEEE Press}
}


@Misc{hivemq,
howpublished = {\url{https://www.hivemq.com/blog/mqtt-essentials-part2-publish-subscribe}},
note = {2015},
title = {A Unified Data-Driven Approach for Programming In Situ Analysis and Visualization},
}

@Misc{insituvisual,
howpublished = {\url{https://extremescaleresearch.labworks.org/quad-charts}},
note = {2015},
title = {A Unified Data-Driven Approach for Programming In Situ Analysis and Visualization},
}

@inproceedings{jin2012scalable,
  title={A scalable messaging system for accelerating discovery from large scale scientific simulations},
  author={Jin, Tong and Zhang, Fan and Parashar, Manish and Klasky, Scott and Podhorszki, Norbert and Abbasi, Hasan},
  booktitle={High Performance Computing (HiPC), 2012 19th International Conference on},
  pages={1--10},
  year={2012},
  organization={IEEE}
}

@techreport{wilke2015asynchronousa,
  title={Asynchronous Many-Task Programming Models for Next Generation Platforms.},
  author={Wilke, Jeremiah J and Bettencourt, Matthew Tyler and Bova, Steven W and Franko, Ken and Gamell, Marc and Grant, Ryan and Hammond, Simon David and Hollman, David S and Knight, Samuel and Kolla, Hemanth and others},
  year={2015},
  institution={Sandia National Laboratories (SNL-CA), Livermore, CA (United States); Sandia National Laboratories, Albuquerque, NM}
}

@techreport{wilke2015asynchronousb,
  title={Asynchronous Many-Task Programming Models for Next Generation Platforms.},
  author={Wilke, Jeremiah J and Bettencourt, Matthew Tyler and Bova, Steven W and Franko, Ken and Gamell, Marc and Grant, Ryan and Hammond, Simon David and Hollman, David S and Knight, Samuel and Kolla, Hemanth and others},
  year={2015},
  institution={Sandia National Laboratories (SNL-CA), Livermore, CA (United States); Sandia National Laboratories, Albuquerque, NM}
}

@inproceedings{sun2016staging,
  title={In-staging data placement for asynchronous coupling of task-based scientific workflows},
  author={Sun, Qian and Romanus, Melissa and Jin, Tong and Yu, Hongfeng and Bremer, Peer-Timo and Petruzza, Steve and Klasky, Scott and Parashar, Manish},
  booktitle={Extreme Scale Programming Models and Middlewar (ESPM2), International Workshop on},
  pages={2--9},
  year={2016},
  organization={IEEE}
}

